<record><leader>00000cas a2200000 a 4500</leader><controlfield tag="001">24536723</controlfield><controlfield tag="008">911011d19081912ilucr ne      0   a0eng c</controlfield><datafield ind1=" " ind2=" " tag="010"><subfield code="a">sn 91054160 </subfield></datafield><datafield ind1=" " ind2=" " tag="040"><subfield code="a">NVF</subfield><subfield code="b">eng</subfield><subfield code="c">NVF</subfield><subfield code="d">NVF</subfield><subfield code="d">OCLCQ</subfield><subfield code="d">OCLCF</subfield><subfield code="d">OCLCO</subfield><subfield code="d">NVF</subfield></datafield><datafield ind1=" " ind2=" " tag="042"><subfield code="a">pcc</subfield></datafield><datafield ind1=" " ind2=" " tag="043"><subfield code="a">n-us-il</subfield></datafield><datafield ind1="0" ind2="0" tag="245"><subfield code="a">Granite City press and herald.</subfield></datafield><datafield ind1=" " ind2=" " tag="260"><subfield code="a">Granite City, Ill. :</subfield><subfield code="b">Press Pub. Co.</subfield></datafield><datafield ind1=" " ind2=" " tag="300"><subfield code="a">v.</subfield></datafield><datafield ind1=" " ind2=" " tag="310"><subfield code="a">Semiweekly,</subfield><subfield code="b">Oct. 26, 1909-1912</subfield></datafield><datafield ind1=" " ind2=" " tag="321"><subfield code="a">Weekly,</subfield><subfield code="b">Oct. 15, 1908-Oct. 21, 1909</subfield></datafield><datafield ind1="1" ind2=" " tag="362"><subfield code="a">Began in 1908; ceased in 1912.</subfield></datafield><datafield ind1=" " ind2=" " tag="515"><subfield code="a">Extras issued June 8, Sept. 14, 1910; Apr. 15, 1911.</subfield></datafield><datafield ind1=" " ind2=" " tag="580"><subfield code="a">Formed by the union of: Granite City press and: Granite City herald.</subfield></datafield><datafield ind1=" " ind2=" " tag="588"><subfield code="a">Description based on: Vol. 6, no. 35 (Oct. 15, 1908).</subfield></datafield><datafield ind1=" " ind2=" " tag="588"><subfield code="a">Latest issue consulted: May 23, 1912.</subfield></datafield><datafield ind1=" " ind2="0" tag="651"><subfield code="a">Granite City (Ill.)</subfield><subfield code="v">Newspapers.</subfield></datafield><datafield ind1=" " ind2="7" tag="651"><subfield code="a">Illinois</subfield><subfield code="z">Granite City.</subfield><subfield code="2">fast</subfield><subfield code="0">(OCoLC)fst01222896</subfield></datafield><datafield ind1=" " ind2="7" tag="655"><subfield code="a">Newspapers.</subfield><subfield code="2">fast</subfield><subfield code="0">(OCoLC)fst01423814</subfield></datafield><datafield ind1=" " ind2=" " tag="752"><subfield code="a">United States</subfield><subfield code="b">Illinois</subfield><subfield code="c">Madison</subfield><subfield code="d">Granite City.</subfield></datafield><datafield ind1="1" ind2="4" tag="780"><subfield code="t">Granite City press</subfield><subfield code="w">(DLC)sn 91054159</subfield><subfield code="w">(OCoLC)24536621</subfield></datafield><datafield ind1="1" ind2="4" tag="780"><subfield code="t">Granite City herald</subfield><subfield code="w">(DLC)sn 91054158</subfield><subfield code="w">(OCoLC)24536534</subfield></datafield><datafield ind1="0" ind2="0" tag="785"><subfield code="t">Granite City press-record</subfield><subfield code="w">(DLC)sn 91054161</subfield><subfield code="w">(OCoLC)24536864</subfield></datafield><datafield ind1="1" ind2=" " tag="029"><subfield code="a">AU@</subfield><subfield code="b">000020747922</subfield></datafield></record>